@article{brocchini1992modelling,
  title={THE MODELLING OF SHORT WAVES IN SHALLOW WATERS COMPARISON OF NUMERICAL MODELS BASED ON {B}OUSSINESQ AND {S}ERRE EQUATIONS},
  author={Brocchini, M and Drago, M and Iovenitti, L},
  journal={Coastal Engineering Proceedings},
  volume={1},
  number={23},
  year={1992}
}

@article{peregrine1967long,
  title={Long waves on a beach},
  author={Peregrine, D Howell},
  journal={Journal of Fluid Mechanics},
  volume={27},
  number={04},
  pages={815--827},
  year={1967},
  publisher={Cambridge Univ Press}
}

@phdthesis{kim2014finite,
  title={Finite volume methods for Tsunamis genereated by submarine landslides},
  author={Kim, Jihwan},
  school={University of Washington},
  year={2014}
}

@article{Lovholt:2013a,
        author = " F. L{\o}vholt and P. Lynett and G. K. Pedersen ",
        title = "Simulating run-up on steep slopes with operational {B}oussinesq
models; capabilities, spurious effects and instabilities",
        journal = "Nonlin. Processes Geophys.",
        volume = "20",
        year = "2013",
        pages = "379-395"
}


@article{Lovholt:2008b,
  author =  "F.~L{\o}vholt and G.~Pedersen and G.~Gisler",
  title =  "Oceanic propagation of a potential  tsunami from the {L}a {P}alma {I}sland",
  journal =  "J. Geophys. Res.",
  year =  "2008",
  volume = "113",
  number = "",
  note ="DOI:10.1029",
  pages ="C09026"

}

@article{madsen1992new,
  title={A new form of the {B}oussinesq equations with improved linear dispersion characteristics. {P}art 2. {A} slowly-varying bathymetry},
  author={Madsen, Per A and S{\o}rensen, Ole R},
  journal={Coastal Engineering},
  volume={18},
  number={3},
  pages={183--204},
  year={1992},
  publisher={Elsevier}
}

@article{su1969korteweg,
  title={{K}orteweg-de {V}ries Equation and Generalizations. {III}. Derivation of the {K}orteweg-de {V}ries Equation and {B}urgers Equation},
  author={Su, CH and Gardner, CS},
  journal={Journal of Mathematical Physics},
  volume={10},
  number={3},
  pages={536--539},
  year={1969},
  publisher={AIP Publishing}
}

@article{orszaghova2012paddle,
  title={From the paddle to the beach--A {B}oussinesq shallow water numerical wave tank based on {M}adsen and {S}{\o}rensenâ€™s equations},
  author={Orszaghova, Jana and Borthwick, Alistair GL and Taylor, Paul H},
  journal={Journal of Computational Physics},
  volume={231},
  number={2},
  pages={328--344},
  year={2012},
  publisher={Elsevier}
}

@article{synolakis1987runup,
  title={The runup of solitary waves},
  author={Synolakis, Costas Emmanuel},
  journal={Journal of Fluid Mechanics},
  volume={185},
  pages={523--545},
  year={1987},
  publisher={Cambridge Univ Press}
}

@article{tissier2011serre,
  title={{S}erre {G}reen-{N}aghdi modelling of wave transformation breaking and run-up using a high-order finite-volume finite-difference scheme},
  author={Tissier, Marion and Bonneton, Philippe and Marche, Fabien and Chazel, Florent and Lannes, David},
  journal={Coastal Engineering Proceedings},
  volume={1},
  number={32},
  pages={13},
  year={2011}
}

@article{shi2012high,
  title={A high-order adaptive time-stepping TVD solver for {B}oussinesq modeling of breaking waves and coastal inundation},
  author={Shi, Fengyan and Kirby, James T and Harris, Jeffrey C and Geiman, Joseph D and Grilli, Stephan T},
  journal={Ocean Modelling},
  volume={43},
  pages={36--51},
  year={2012},
  publisher={Elsevier}
}

@article{dutykh2013finite,
  title={Finite volume methods for unidirectional dispersive wave models},
  author={Dutykh, Denys and Katsaounis, Th and Mitsotakis, Dimitrios},
  journal={International Journal for Numerical Methods in Fluids},
  volume={71},
  number={6},
  pages={717--736},
  year={2013},
  publisher={Wiley Online Library}
}

@article{schaffer1995further,
  title={Further enhancements of {B}oussinesq-type equations},
  author={Sch{\"a}ffer, Hemming A and Madsen, Per A},
  journal={Coastal Engineering},
  volume={26},
  number={1},
  pages={1--14},
  year={1995},
  publisher={Elsevier}
}

@article{nwogu1993alternative,
  title={Alternative form of {B}oussinesq equations for nearshore wave propagation},
  author={Nwogu, Okey},
  journal={Journal of Waterway, Port, Coastal, and Ocean Engineering},
  year={1993},
  publisher={American Society of Civil Engineers}
}

@article{lynett2002modeling,
  title={Modeling wave runup with depth-integrated equations},
  author={Lynett, Patrick J and Wu, Tso-Ren and Liu, Philip L-F},
  journal={Coastal Engineering},
  volume={46},
  number={2},
  pages={89--107},
  year={2002},
  publisher={Elsevier}
}

@article{wei1995time,
  title={Time-dependent numerical code for extended {B}oussinesq equations},
  author={Wei, Ge and Kirby, James T},
  journal={Journal of Waterway, Port, Coastal, and Ocean Engineering},
  volume={121},
  number={5},
  pages={251--261},
  year={1995},
  publisher={American Society of Civil Engineers}
}

@article{lovholt2010coupling,
  title={Coupling of Dispersive Tsunami Propagation and Shallow Water Coastal},
  author={L{\o}vholt, F and Pedersen, G and Glimsdal, S},
  journal={Open Oceanography Journal},
  volume={4},
  pages={71--82},
  year={2010}
}

@article{titov1995modeling,
  title={Modeling of breaking and nonbreaking long-wave evolution and runup using {VTCS}-2},
  author={Titov, Vasily Vladimirovitch and Synolakis, Costas Emmanuel},
  journal={Journal of Waterway, Port, Coastal, and Ocean Engineering},
  volume={121},
  number={6},
  pages={308--316},
  year={1995},
  publisher={American Society of Civil Engineers}
}

@article{schaffer1993boussinesq,
  title={A {B}oussinesq model for waves breaking in shallow water},
  author={Sch{\"a}ffer, Hemming A and Madsen, Per A and Deigaard, Rolf},
  journal={Coastal Engineering},
  volume={20},
  number={3},
  pages={185--202},
  year={1993},
  publisher={Elsevier}
}
@article{tissier2012new,
  title={A new approach to handle wave breaking in fully non-linear {B}oussinesq models},
  author={Tissier, M and Bonneton, P and Marche, F and Chazel, F and Lannes, D},
  journal={Coastal Engineering},
  volume={67},
  pages={54--66},
  year={2012},
  publisher={Elsevier}
}

@article{tonelli2009hybrid,
  title={Hybrid finite volume--finite difference scheme for 2{DH} improved {B}oussinesq equations},
  author={Tonelli, Mara and Petti, Marco},
  journal={Coastal Engineering},
  volume={56},
  number={5},
  pages={609--620},
  year={2009},
  publisher={Elsevier}
}

@article{lynett2006nearshore,
  title={Nearshore wave modeling with high-order {B}oussinesq-type equations},
  author={Lynett, Patrick J},
  journal={Journal of Waterway, Port, Coastal, and Ocean Engineering},
  year={2006},
  publisher={American Society of Civil Engineers}
}

@article{george2008augmented,
  title={Augmented {R}iemann solvers for the shallow water equations over variable topography with steady states and inundation},
  author={George, David L},
  journal={Journal of Computational Physics},
  volume={227},
  number={6},
  pages={3089--3113},
  year={2008},
  publisher={Elsevier}
}

@article{benjamin1972model,
  title={Model equations for long waves in nonlinear dispersive systems},
  author={Benjamin, Thomas Brooke and Bona, Jerry Lloyd and Mahony, John Joseph},
  journal={Philosophical Transactions of the Royal Society of London A: Mathematical, Physical and Engineering Sciences},
  volume={272},
  number={1220},
  pages={47--78},
  year={1972},
  publisher={The Royal Society}
}

@article{leveque1997wave,
  title={Wave propagation algorithms for multidimensional hyperbolic systems},
  author={LeVeque, Randall J},
  journal={Journal of Computational Physics},
  volume={131},
  number={2},
  pages={327--353},
  year={1997},
  publisher={Elsevier}
}

@article{madsen1997surf,
  title={Surf zone dynamics simulated by a {B}oussinesq type model. Part I. Model description and cross-shore motion of regular waves},
  author={Madsen, Per A and S{\o}rensen, OR and Sch{\"a}ffer, HA},
  journal={Coastal Engineering},
  volume={32},
  number={4},
  pages={255--287},
  year={1997},
  publisher={Elsevier}
}

@article{matsuyama2007study,
  title={A study of tsunami wave fission in an undistorted experiment},
  author={Matsuyama, Masafumi and Ikeno, Masaaki and Sakakiyama, Tsutomu and Takeda, Tomoyoshi},
  journal={Pure and Applied Geophysics},
  volume={164},
  number={2-3},
  pages={617--631},
  year={2007},
  publisher={Springer}
}

@book{leveque2002finite,
  title={Finite volume methods for hyperbolic problems},
  author={LeVeque, Randall J},
  volume={31},
  year={2002},
  publisher={Cambridge university press}
}

@article{lovholt2013simulating,
  title={Simulating run-up on steep slopes with operational Boussinesq models; capabilities, spurious effects and instabilities},
  author={L{\o}vholt, F and Lynett, P and Pedersen, G},
  journal={Nonlinear Processes in Geophysics},
  volume={20},
  number={3},
  pages={379--395},
  year={2013},
  publisher={Copernicus GmbH}
}

@misc{clawpack,
    title={Clawpack software},
    author={{Clawpack Development Team}},
    url={http://www.clawpack.org},
    note={Version 5.3.1},
    year={2016}}

@article{BergerGeorgeLeVequeMandli11,
 Author = {M. J. Berger and D. L. George and R. J. LeVeque and K. T.  Mandli},
 Journal = {Adv. Water Res.},
 Pages = {1195-1206},
 Title = {The {GeoClaw} software for depth-averaged flows with adaptive refinement},
 Volume = {34},
 Year = {2011},
 url = {www.clawpack.org/links/papers/awr11}}

@misc{chl_bp5,
 Author = {M.  Briggs},
 Title = {Runup  of  solitary  waves  on  a  vertical  wall, {Costal  Hydraulics  Laboratory}},
 url={http://chl.erdc.usace.army.mil/chl.aspx?p=s&a=Projects;36}
}

